@article{score_matching_original,
  author  = {Aapo Hyv{{\"a}}rinen},
  title   = {Estimation of Non-Normalized Statistical Models by Score Matching},
  journal = {Journal of Machine Learning Research},
  year    = {2005},
  volume  = {6},
  number  = {24},
  pages   = {695-709}
}
@article{langevin1,
  author = {Gareth O. Roberts and Richard L. Tweedie},
  title = {Exponential convergence of Langevin distributions and their discrete approximations},
  volume = {2},
  journal = {Bernoulli},
  number = {4},
  pages = {341 -- 363},
  year = {1996}
}
@inproceedings{langevin2,
  author = {Welling, Max and Teh, Yee Whye},
  title = {Bayesian Learning via Stochastic Gradient Langevin Dynamics},
  year = {2011},
  booktitle = {Proceedings of the 28th International Conference on International Conference on Machine Learning},
  pages = {681–688},
  numpages = {8}
}
@inproceedings{song2019sliced,
  author    = {Yang Song and
               Sahaj Garg and
               Jiaxin Shi and
               Stefano Ermon},
  title     = {Sliced Score Matching: {A} Scalable Approach to Density and Score
               Estimation},
  booktitle = {Proceedings of the Thirty-Fifth Conference on Uncertainty in Artificial
               Intelligence},
  pages     = {204},
  year      = {2019},
  url       = {http://auai.org/uai2019/proceedings/papers/204.pdf},
}
@article{denoise_score,
  author={Vincent, Pascal},
  journal={Neural Computation}, 
  title={A Connection Between Score Matching and Denoising Autoencoders}, 
  year={2011},
  volume={23},
  number={7},
  pages={1661-1674},
  doi={10.1162/NECO_a_00142}}
@inproceedings{score_1,
 author = {Song, Yang and Ermon, Stefano},
 booktitle = {Advances in Neural Information Processing Systems},
 pages = {},
 title = {Generative Modeling by Estimating Gradients of the Data Distribution},
 url = {https://proceedings.neurips.cc/paper/2019/file/3001ef257407d5a371a96dcd947c7d93-Paper.pdf},
 volume = {32},
 year = {2019}
}
@inproceedings{
  score_2,
  title={Score-Based Generative Modeling through Stochastic Differential Equations},
  author={Yang Song and Jascha Sohl-Dickstein and Diederik P Kingma and Abhishek Kumar and Stefano Ermon and Ben Poole},
  booktitle={International Conference on Learning Representations},
  year={2021},
  url={https://openreview.net/forum?id=PxTIG12RRHS}
}
@inproceedings{score_3,
  author    = {Yang Song and Stefano Ermon},
  title     = {Improved Techniques for Training Score-Based Generative Models},
  booktitle = {Advances in Neural Information Processing Systems 33: Annual Conference
               on Neural Information Processing Systems},
  year      = {2020}
}
@inproceedings{
  score_4,
  title={Adversarial score matching and improved sampling for image generation},
  author={Alexia Jolicoeur-Martineau and R{\'e}mi Pich{\'e}-Taillefer and Ioannis Mitliagkas and Remi Tachet des Combes},
  booktitle={International Conference on Learning Representations},
  year={2021},
  url={https://openreview.net/forum?id=eLfqMl3z3lq}
}
@inproceedings{fid,
author = {Heusel, Martin and Ramsauer, Hubert and Unterthiner, Thomas and Nessler, Bernhard and Hochreiter, Sepp},
title = {GANs Trained by a Two Time-Scale Update Rule Converge to a Local Nash Equilibrium},
year = {2017},
booktitle = {Proceedings of the 31st International Conference on Neural Information Processing Systems},
pages = {6629–6640},
numpages = {12}
}
@misc{mixed_prec,
      title={Mixed Precision Training}, 
      author={Paulius Micikevicius and Sharan Narang and Jonah Alben and Gregory Diamos and Erich Elsen and David Garcia and Boris Ginsburg and Michael Houston and Oleksii Kuchaiev and Ganesh Venkatesh and Hao Wu},
      year={2018},
      eprint={1710.03740},
      archivePrefix={arXiv},
      primaryClass={cs.AI}
}
@article{ANDERSON,
title = {Reverse-time diffusion equation models},
journal = {Stochastic Processes and their Applications},
volume = {12},
number = {3},
pages = {313-326},
year = {1982},
url = {https://www.sciencedirect.com/science/article/pii/0304414982900515},
author = {Brian D.O. Anderson}
}
@article{gotta_go_fast,
  title={Gotta Go Fast When Generating Data with Score-Based Models},
  author={A. Jolicoeur-Martineau and Ke Li and Remi Piche-Taillefer and Tal Kachman and Ioannis Mitliagkas},
  journal={ArXiv},
  year={2021},
  volume={abs/2105.14080}
}
@article{ho2020denoising,
    title={Denoising Diffusion Probabilistic Models},
    author={Jonathan Ho and Ajay Jain and Pieter Abbeel},
    year={2020},
    journal={arXiv preprint arxiv:2006.11239}
}